<record><leader>00000cas a22000007a 4500</leader><controlfield tag="001">9607144</controlfield><controlfield tag="008">830615d19321937mnuwr ne      0    0ger d</controlfield><datafield ind1=" " ind2=" " tag="010"><subfield code="a">sn 83045719 </subfield></datafield><datafield ind1=" " ind2=" " tag="040"><subfield code="a">CRL</subfield><subfield code="b">eng</subfield><subfield code="c">CRL</subfield><subfield code="d">NPW</subfield><subfield code="d">NPV</subfield><subfield code="d">CRL</subfield><subfield code="d">OCLCQ</subfield><subfield code="d">OCLCF</subfield><subfield code="d">OCLCO</subfield></datafield><datafield ind1="1" ind2=" " tag="029"><subfield code="a">AU@</subfield><subfield code="b">000025817507</subfield></datafield><datafield ind1=" " ind2=" " tag="042"><subfield code="a">msc</subfield></datafield><datafield ind1=" " ind2=" " tag="043"><subfield code="a">n-us-mn</subfield></datafield><datafield ind1="0" ind2=" " tag="130"><subfield code="a">Milwaukee-Sonntagspost (Winona, Minn. : 1932)</subfield></datafield><datafield ind1="0" ind2="0" tag="245"><subfield code="a">Milwaukee-Sonntagspost.</subfield></datafield><datafield ind1="3" ind2="0" tag="246"><subfield code="a">Milwaukee Sonntagspost</subfield></datafield><datafield ind1=" " ind2=" " tag="260"><subfield code="a">Winona, Minn. ;</subfield><subfield code="a">Milwaukee, Wis. :</subfield><subfield code="b">National Weeklies,</subfield><subfield code="c">1932-1937.</subfield></datafield><datafield ind1=" " ind2=" " tag="300"><subfield code="a">6 v.</subfield></datafield><datafield ind1=" " ind2=" " tag="310"><subfield code="a">Weekly</subfield></datafield><datafield ind1="0" ind2=" " tag="362"><subfield code="a">72. Jahrg., no. 19 (9. Okt. 1932)-77. Jahrg., no. 15 (5. Sept. 1937).</subfield></datafield><datafield ind1=" " ind2=" " tag="530"><subfield code="a">Also available on microfilm from The Center for Research Libraries.</subfield></datafield><datafield ind1=" " ind2=" " tag="546"><subfield code="a">In German.</subfield></datafield><datafield ind1=" " ind2="0" tag="650"><subfield code="a">German Americans</subfield><subfield code="z">Minnesota</subfield><subfield code="v">Newspapers.</subfield></datafield><datafield ind1=" " ind2="4" tag="651"><subfield code="a">Winona (Minn.)</subfield><subfield code="v">Newspapers.</subfield></datafield><datafield ind1=" " ind2="7" tag="655"><subfield code="a">Newspapers.</subfield><subfield code="2">fast</subfield><subfield code="0">(OCoLC)fst01423814</subfield></datafield><datafield ind1=" " ind2="7" tag="650"><subfield code="a">German Americans.</subfield><subfield code="2">fast</subfield><subfield code="0">(OCoLC)fst00941308</subfield></datafield><datafield ind1=" " ind2="7" tag="651"><subfield code="a">Minnesota.</subfield><subfield code="2">fast</subfield><subfield code="0">(OCoLC)fst01204560</subfield></datafield><datafield ind1=" " ind2=" " tag="752"><subfield code="a">United States</subfield><subfield code="b">Minnesota</subfield><subfield code="c">Winona</subfield><subfield code="d">Winona.</subfield></datafield><datafield ind1="0" ind2="0" tag="780"><subfield code="t">Milwaukee-Herold (Milwaukee, Wis. : 1918 : Daily)</subfield><subfield code="w">(DLC)sn 87082652</subfield><subfield code="w">(OCoLC)15974549</subfield></datafield><datafield ind1="0" ind2="0" tag="785"><subfield code="t">Milwaukee-Herold Sonntagspost</subfield><subfield code="w">(DLC)sn 83045720</subfield><subfield code="w">(OCoLC)9606992</subfield></datafield></record>